<?xml version="1.0" encoding="UTF-8"?><record xmlns="http://www.loc.gov/MARC21/slim" xmlns:cinclude="http://apache.org/cocoon/include/1.0" xmlns:zs="http://www.loc.gov/zing/srw/">
  <leader>00664nz  a2200157n  4500</leader>
  <controlfield tag="001">no2015108884</controlfield>
  <controlfield tag="003">DLC</controlfield>
  <controlfield tag="005">20150818073630.0</controlfield>
  <controlfield tag="008">150817n| azannaabn          |n aaa     c</controlfield>
  <datafield tag="010" ind1=" " ind2=" ">
    <subfield code="a">no2015108884</subfield>
  </datafield>
  <datafield tag="035" ind1=" " ind2=" ">
    <subfield code="a">(OCoLC)oca10246144</subfield>
  </datafield>
  <datafield tag="040" ind1=" " ind2=" ">
    <subfield code="a">CSt</subfield>
    <subfield code="b">eng</subfield>
    <subfield code="e">rda</subfield>
    <subfield code="c">CSt</subfield>
  </datafield>
  <datafield tag="100" ind1="1" ind2=" ">
    <subfield code="a">Pamplona, Francisco</subfield>
  </datafield>
  <datafield tag="370" ind1=" " ind2=" ">
    <subfield code="c">Mexico</subfield>
    <subfield code="2">naf</subfield>
  </datafield>
  <datafield tag="377" ind1=" " ind2=" ">
    <subfield code="a">spa</subfield>
  </datafield>
  <datafield tag="670" ind1=" " ind2=" ">
    <subfield code="a">Miasmas de la cultura, 2015:</subfield>
    <subfield code="b">title page (Francisco Pamplona) page 135 (professor-researcher in the graduate program for Humanidades y Ciencias Sociales, UACM [Universidad Autónoma de la Ciudad de México]; professor in FFyL [Facultad de Filosofía y Letras], UNAM [Universidad Nacional Autónoma de México])</subfield>
  </datafield>
</record>